
@article{riesz1928,
	author = {Riesz, R. R.},
	title = {Differential intensity sensitivity of the ear for pure tones},
	journal = {Phys. Rev.},
	year = {1928},
	volume = {31},
	number = {5},
	pages = {867--875},
	doi = {10.1103/PhysRev.31.867},
}

@article{sandel1955,
	author = {Sandel, T. T. and Teas, D. C. and Feddersen, W. E. and Jeffress, Lloyd A.},
	title = {Localization of sound from single and paired sources},
	journal = {J. Acoust. Soc. Am.},
	year = {1955},
	volume = {27},
	number = {5},
	pages = {842--852},
	doi = {10.1121/1.1908052},
}

@article{mills1958,
	author = {Mills, A. W.},
	title = {On the minimum audible angle},
	journal = {J. Acoust. Soc. Am.},
	year = {1958},
	volume = {30},
	number = {4},
	pages = {237--246},
	doi = {10.1121/1.1909553},
}
